%%%%%%%%%%%%%%%%%%% bibliography.bib %%%%%%%%%%%%%%%%%%%
@Article{LW,
	author = {Liyuan WOng and Xingxing Zhang and Hang Su and Jun Zhu and Fellow and IEEE},
	title = {A Comprehensive Survey of Continual Learning: Theory and Method and Application},
	journal = {arXiv:2302.00487v3},
	year = {2024},
}
@Article{DA,
	author = {David Abel and André Barreto and Benjamin Von Roy and Doina Precup and Hado van Hasselt and Satinder Singh},
	title = {A Definition of Continual Reinforcement Learning},
	journal = {arXiv:2307.11046v2},
	year = {2023},
}
@Article{RA,
	author = {Rahaf Aljundi et al.},
	title = {Continual Learning: Applications and the Road Forward},
	journal = {arXiv:2311.11908v3},
	year = {2024},
}
@Article{MdL,
	author = {Matthias De Lange and Rahaf Aljundi and Marc Masana and Sarah Parisot and Xu Jia,
	Aleˇs Leonardis and Gregory Slabaugh and Tinne Tuytelaars},
	title = {A continual learning survey:
	Defying forgetting in classification tasks},
	journal = {arXiv:1909.08383v3},
	year = {2021},
}
@Article{TK,
	author = {Theodora Kontogianni and Yuanwen Yue and Siyu Tang and Konrad Schindler},
	title = {Is Continual Learning Ready for Real-world Challenges?},
	journal = {arXiv:2402.10130v1},
	year = {2024},
}
@Article{SF1,
	author = {Sebastian Farquhar and Yarin Gal},
	title = {Towards Robust Evaluations of Continual Learning},
	journal = {arXiv:1805.09733v3},
	year = {2019},
}
@Article{ND,
	author = {Natalia Díaz-Rodríguez and Vincenzo Lomonaco and David Filliat and Davide Maltoni},
	title = {Don’t forget and there is more than forgetting: new
	metrics for Continual Learning},
	journal = {arXiv:1810.13166v1},
	year = {2018},
}
@Article{XZ,
	author = {Xuyang Zhao and Huiyuan Wang and Weiran Huang and Wei Lin},
	title = {A Statistical Theory of Regularization-Based Continual Learning},
	journal = {arXiv:2406.06213v1},
	year = {2024},
}
@Article{RS,
	author = {Rudy Semola and Julio Hurtado and Vincenzo Lomonaco and Davide Bacciu},
	title = {Adaptive Hyperparameter Optimization for Continual Learning Scenarios},
	journal = {arXiv:2403.07015v2},
	year = {2024},
}
@Article{DM,
	author = {Dong Yin Mehrdad Farajtabar and Ang Li and Nir Levine and Alex Mott },
	title = {Optimization and Generalization of Regularization-Based Continual
	Learning: a Loss Approximation Viewpoint},
	journal = {arXiv:2006.10974v3},
	year = {2021},
}
@Article{IE,
	author = {Itay Evron and Edward Moroshko and Rachel Ward and Nati Srebro and Daniel Soudry},
	title = {How catastrophic can catastrophic forgetting be in linear regression?},
	journal = {arXiv:2205.09588v2},
	year = {2022},
}
@Article{JK,
	author = {James Kirkpatrick and Razvan Pascanu and Neil Rabinowitza and Joel Veness and Guillaume Desjardins,
	Andrei A. Rusu and Kieran Milan and John Quan and Tiago Ramalho and Agnieszk Grabska-Barwinska ,
	Demis Hassabis and Claudia Clopath and Dharshan Kumaran and Raia Hadsell},
	title = {Overcoming catastrophic forgetting in neural networks},
	journal = {arXiv:1612.00796v2},
	year = {2017},
}
@Article{TL1,
	author = {Timothée Lesort and Andrei Stoian and David
	Filliat},
	title = {Regularization Shortcomings for Continual Learning},
	journal = {arXiv:1912.03049v4},
	year = {2021},
}
@Article{CN,
	author = {Cuong V. Nguyen and Yingzhen Li and Thang D. Bui and Richard E. Turner},
	title = {VARIATIONAL CONTINUAL LEARNING},
	journal = {arXiv:1710.10628v3},
	year = {2018},
}
@Article{JL,
	author = {Jie Lu and Fellow and IEEE and Anjin Liu and Member and IEEE and Fan Dong and Feng Gu and Joao Gama and and Guangquan Zhang},
	title = {Learning under Concept Drift: A Review},
	journal = {arXiv:2004.05785v1},
	year = {2020},
}
@Article{TL2,
	author = {Timothée Lesort and Massimo Caccia and and Irina Rish},
	title = {UNDERSTANDING CONTINUAL LEARNING SETTINGS WITH
	DATA DISTRIBUTION DRIFT ANALYSIS},
	journal = {arXiv:2104.01678v2},
	year = {2022},
}
@Article{SF2,
	author = {Sebastian Farquhar and Yarin Gal},
	title = {A Unifying Bayesian View of Continual Learning},
	journal = {arXiv:1902.06494v1 },
	year = {2019},
}
@Article{TR,
	author = {Tim G. J. Rudner and Freddie Bickford Smith and Qixuan Feng and Yee Whye Teh and Yarin Gal},
	title = {Continual Learning via Sequential Function-Space Variational Inference},
	journal = {arXiv:2312.17210v1},
	year = {2023},
}
@inbook{SB,
	author = {Stephen H. Bach and Marcus A. Maloof},
	title = {A Bayesian Approach to Concept Drift},
	booktitle = {Advances in Neural Information Processing Systems},
	date = {2010},
	pages = {127-135},
}
@misc{ritter2018onlinestructuredlaplaceapproximations,
	title={Online Structured Laplace Approximations For Overcoming Catastrophic Forgetting}, 
	author={Hippolyt Ritter and Aleksandar Botev and David Barber},
	year={2018},
	eprint={1805.07810},
	archivePrefix={arXiv},
	primaryClass={stat.ML},
	url={https://arxiv.org/abs/1805.07810}, 
}
@misc{li2024fixeddesignanalysisregularizationbased,
      title={Fixed Design Analysis of Regularization-Based Continual Learning}, 
      author={Haoran Li and Jingfeng Wu and Vladimir Braverman},
      year={2024},
      eprint={2303.10263},
      archivePrefix={arXiv},
      primaryClass={cs.LG},
      url={https://arxiv.org/abs/2303.10263}, 
}
@misc{heckel2021provablecontinuallearningsketched,
      title={Provable Continual Learning via Sketched Jacobian Approximations}, 
      author={Reinhard Heckel},
      year={2021},
      eprint={2112.05095},
      archivePrefix={arXiv},
      primaryClass={stat.ML},
      url={https://arxiv.org/abs/2112.05095}, 
}
@article{Bartlett_2020,
   title={Benign overfitting in linear regression},
   volume={117},
   ISSN={1091-6490},
   url={http://dx.doi.org/10.1073/pnas.1907378117},
   DOI={10.1073/pnas.1907378117},
   number={48},
   journal={Proceedings of the National Academy of Sciences},
   publisher={Proceedings of the National Academy of Sciences},
   author={Bartlett, Peter L. and Long, Philip M. and Lugosi, Gábor and Tsigler, Alexander},
   year={2020},
   month=apr, pages={30063–30070}
}
@misc{zenke2017continuallearningsynapticintelligence,
      title={Continual Learning Through Synaptic Intelligence}, 
      author={Friedemann Zenke and Ben Poole and Surya Ganguli},
      year={2017},
      eprint={1703.04200},
      archivePrefix={arXiv},
      primaryClass={cs.LG},
      url={https://arxiv.org/abs/1703.04200}, 
}
@misc{aljundi2018memoryawaresynapseslearning,
      title={Memory Aware Synapses: Learning what (not) to forget}, 
      author={Rahaf Aljundi and Francesca Babiloni and Mohamed Elhoseiny and Marcus Rohrbach and Tinne Tuytelaars},
      year={2018},
      eprint={1711.09601},
      archivePrefix={arXiv},
      primaryClass={cs.CV},
      url={https://arxiv.org/abs/1711.09601}, 
}
@misc{yoon2018lifelonglearningdynamicallyexpandable,
      title={Lifelong Learning with Dynamically Expandable Networks}, 
      author={Jaehong Yoon and Eunho Yang and Jeongtae Lee and Sung Ju Hwang},
      year={2018},
      eprint={1708.01547},
      archivePrefix={arXiv},
      primaryClass={cs.LG},
      url={https://arxiv.org/abs/1708.01547}, 
}
@misc{yoon2018lifelonglearningdynamicallyexpandable,
      title={Lifelong Learning with Dynamically Expandable Networks}, 
      author={Jaehong Yoon and Eunho Yang and Jeongtae Lee and Sung Ju Hwang},
      year={2018},
      eprint={1708.01547},
      archivePrefix={arXiv},
      primaryClass={cs.LG},
      url={https://arxiv.org/abs/1708.01547}, 
}
@misc{shi2023unifiedapproachdomainincremental,
      title={A Unified Approach to Domain Incremental Learning with Memory: Theory and Algorithm}, 
      author={Haizhou Shi and Hao Wang},
      year={2023},
      eprint={2310.12244},
      archivePrefix={arXiv},
      primaryClass={cs.LG},
      url={https://arxiv.org/abs/2310.12244}, 
}
@article{Zhou_2024,
   title={Class-Incremental Learning: A Survey},
   volume={46},
   ISSN={1939-3539},
   url={http://dx.doi.org/10.1109/TPAMI.2024.3429383},
   DOI={10.1109/tpami.2024.3429383},
   number={12},
   journal={IEEE Transactions on Pattern Analysis and Machine Intelligence},
   publisher={Institute of Electrical and Electronics Engineers (IEEE)},
   author={Zhou, Da-Wei and Wang, Qi-Wei and Qi, Zhi-Hong and Ye, Han-Jia and Zhan, De-Chuan and Liu, Ziwei},
   year={2024},
   month=dec, pages={9851–9873}
}
@misc{kumar2024maintainingplasticitycontinuallearning,
      title={Maintaining Plasticity in Continual Learning via Regenerative Regularization}, 
      author={Saurabh Kumar and Henrik Marklund and Benjamin Van Roy},
      year={2024},
      eprint={2308.11958},
      archivePrefix={arXiv},
      primaryClass={cs.LG},
      url={https://arxiv.org/abs/2308.11958}, 
}
@misc{wang2024unifiedgeneralframeworkcontinual,
      title={A Unified and General Framework for Continual Learning}, 
      author={Zhenyi Wang and Yan Li and Li Shen and Heng Huang},
      year={2024},
      eprint={2403.13249},
      archivePrefix={arXiv},
      primaryClass={cs.LG},
      url={https://arxiv.org/abs/2403.13249}, 
}
@misc{heckel2021provablecontinuallearningsketched,
      title={Provable Continual Learning via Sketched Jacobian Approximations}, 
      author={Reinhard Heckel},
      year={2021},
      eprint={2112.05095},
      archivePrefix={arXiv},
      primaryClass={stat.ML},
      url={https://arxiv.org/abs/2112.05095}, 
}